% This file was created with JabRef 2.6.
% Encoding: UTF-8
@incollection{medaglia2010overview,
  title={An overview of privacy and security issues in the internet of things},
  author={Medaglia, Carlo Maria and Serbanati, Alexandru},
  booktitle={The Internet of Things},
  pages={389--395},
  year={2010},
  publisher={Springer}
}
@article{stergiou2018secure,
  title={Secure integration of IoT and cloud computing},
  author={Stergiou, Christos and Psannis, Kostas E and Kim, Byung-Gyu and Gupta, Brij},
  journal={Future Generation Computer Systems},
  volume={78},
  pages={964--975},
  year={2018},
  publisher={Elsevier}
}
@inproceedings{kaur2016building,
  title={Building smart cities applications using IoT and cloud-based architectures},
  author={Kaur, Maninder Jeet and Maheshwari, Piyush},
  booktitle={Industrial Informatics and Computer Systems (CIICS), 2016 International Conference on},
  pages={1--5},
  year={2016},
  organization={IEEE}
}
@inproceedings{vivek2015enabling,
  title={Enabling IOT services using WIFI-ZigBee gateway for a home automation system},
  author={Vivek, GV and Sunil, MP},
  booktitle={Research in Computational Intelligence and Communication Networks (ICRCICN), 2015 IEEE International Conference on},
  pages={77--80},
  year={2015},
  organization={IEEE}
}
@inproceedings{yang2011study,
  title={Study and application on the architecture and key technologies for IOT},
  author={Yang, Zhihong and Yue, Yingzhao and Yang, Yu and Peng, Yufeng and Wang, Xiaobo and Liu, Wenji},
  booktitle={Multimedia Technology (ICMT), 2011 International Conference on},
  pages={747--751},
  year={2011},
  organization={IEEE}
}
@inproceedings{doukas2012bringing,
  title={Bringing IoT and cloud computing towards pervasive healthcare},
  author={Doukas, Charalampos and Maglogiannis, Ilias},
  booktitle={Innovative Mobile and Internet Services in Ubiquitous Computing (IMIS), 2012 Sixth International Conference on},
  pages={922--926},
  year={2012},
  organization={IEEE}
}
@inproceedings{champ2009lifetime,
  title={Lifetime in wireless sensor networks},
  author={Champ, Julien and Saad, Cl{\'e}ment and Baert, Anne-Elisabeth},
  booktitle={Complex, Intelligent and Software Intensive Systems, 2009. CISIS'09. International Conference on},
  pages={293--298},
  year={2009},
  organization={IEEE}
}
@article{pham2014communication,
  title={Communication performances of IEEE 802.15. 4 wireless sensor motes for data-intensive applications: A comparison of WaspMote, Arduino MEGA, TelosB, MicaZ and iMote2 for image surveillance},
  author={Pham, Congduc},
  journal={Journal of Network and Computer Applications},
  volume={46},
  pages={48--59},
  year={2014},
  publisher={Elsevier}
}

@inproceedings{mainetti2011evolution,
  title={Evolution of wireless sensor networks towards the internet of things: A survey},
  author={Mainetti, Luca and Patrono, Luigi and Vilei, Antonio},
  booktitle={Software, Telecommunications and Computer Networks (SoftCOM), 2011 19th International Conference on},
  pages={1--6},
  year={2011},
  organization={IEEE}
}
@article{da2014internet,
  title={Internet of things in industries: A survey},
  author={Da Xu, Li and He, Wu and Li, Shancang},
  journal={IEEE Transactions on industrial informatics},
  volume={10},
  number={4},
  pages={2233--2243},
  year={2014},
  publisher={IEEE}
}
@inproceedings{mandula2015mobile,
  title={Mobile based home automation using Internet of Things (IoT)},
  author={Mandula, Kumar and Parupalli, Ramu and Murty, CH AS and Magesh, E and Lunagariya, Rutul},
  booktitle={Control, Instrumentation, Communication and Computational Technologies (ICCICCT), 2015 International Conference on},
  pages={340--343},
  year={2015},
  organization={IEEE}
}
@article{kelly2013towards,
  title={Towards the implementation of IoT for environmental condition monitoring in homes},
  author={Kelly, Sean Dieter Tebje and Suryadevara, Nagender Kumar and Mukhopadhyay, Subhas Chandra},
  journal={IEEE Sensors Journal},
  volume={13},
  number={10},
  pages={3846--3853},
  year={2013},
  publisher={IEEE}
}
@article{beeby2006energy,
  title={Energy harvesting vibration sources for microsystems applications},
  author={Beeby, S Pꎬ and Tudor, M Jꎬ and White, NM},
  journal={Measurement science and technology},
  volume={17},
  number={12},
  pages={R175},
  year={2006},
  publisher={IOP Publishing}
}
@article{sheng2015recent,
  title={Recent advances in industrial wireless sensor networks towards efficient management in IoT},
  author={Sheng, Zhengguo and Mahapatra, Chinmaya and Zhu, Chunsheng and Leung, Victor},
  journal={IEEE access},
  volume={3},
  pages={622--637},
  year={2015},
  publisher={Institute of Electrical and Electronics Engineers}
}

@inproceedings{yi2000multi,
  title={Multi-ultrasonic sensor fusion for mobile robots},
  author={Yi, Zou and Khing, Ho Yeong and Seng, Chua Chin and Wei, Zhou Xiao},
  booktitle={Intelligent Vehicles Symposium, 2000. IV 2000. Proceedings of the IEEE},
  pages={387--391},
  year={2000},
  organization={IEEE}
}
@article{jiang2014iot,
  title={An IoT-oriented data storage framework in cloud computing platform},
  author={Jiang, Lihong and Da Xu, Li and Cai, Hongming and Jiang, Zuhai and Bu, Fenglin and Xu, Boyi},
  journal={IEEE Transactions on Industrial Informatics},
  volume={10},
  number={2},
  pages={1443--1451},
  year={2014},
  publisher={IEEE}
}
@misc{steiner2018ultrasonic,
  title={Ultrasonic sensing system},
  author={Steiner, James P and Sloan, Greg Edward},
  year={2018},
  month=aug # "~21",
  publisher={Google Patents},
  note={US Patent App. 10/054,916}
}

@article{ferdoush2014,
  title={Wireless sensor network system design using Raspberry Pi and Arduino for environmental monitoring applications},
  author={Ferdoush, Sheikh and Li, Xinrong},
  journal={Procedia Computer Science},
  volume={34},
  pages={103--110},
  year={2014},
  publisher={Elsevier}
}

@article{yang2010integration,
  title={Integration of wireless sensor networks in environmental monitoring cyber infrastructure},
  author={Yang, Jue and Zhang, Chengyang and Li, Xinrong and Huang, Yan and Fu, Shengli and Acevedo, Miguel F},
  journal={Wireless Networks},
  volume={16},
  number={4},
  pages={1091--1108},
  year={2010},
  publisher={Springer-Verlag New York, Inc.}
}

@book{bell2014beginning,
  title={Beginning sensor networks with Arduino and Raspberry Pi},
  author={Bell, Charles},
  year={2014},
  publisher={Apress}
}


@misc{fowler1971ultrasonic,
  title={Ultrasonic sensing system},
  author={Fowler, Kenneth A},
  year={1971},
  month=jul # "~27",
  publisher={Google Patents},
  note={US Patent 3,595,069}
}
@article{fisher2013inexpensive,
  title={An inexpensive open-source ultrasonic sensing system for monitoring liquid levels},
  author={Fisher, Daniel K and Sui, Ruixiu},
  journal={Agricultural Engineering International: CIGR Journal},
  volume={15},
  number={4},
  pages={328--334},
  year={2013}
}
@article{bank2002novel,
  title={A novel ultrasonic sensing system for autonomous mobile systems},
  author={Bank, Dirk},
  journal={IEEE Sensors Journal},
  volume={2},
  number={6},
  pages={597--606},
  year={2002},
  publisher={IEEE}
}
@misc{lynch2010method,
  title={Method and apparatus for calibrating an ultrasonic sensing system used to detect moving objects},
  author={Lynch, John Edward and Blaker, David Mark and Hileman, Ronald E},
  year={2010},
  month=mar # "~30",
  publisher={Google Patents},
  note={US Patent 7,685,861}
}
@misc{mahowald2012method,
  title={Method and apparatus for using a sound sensor to adjust the audio output for a device},
  author={Mahowald, Peter H},
  year={2012},
  month=nov # "~6",
  publisher={Google Patents},
  note={US Patent 8,306,235}
}

@article{hauptmann2002application,
  title={Application of ultrasonic sensors in the process industry},
  author={Hauptmann, Peter and Hoppe, Niels and P{\"u}ttmer, Alf},
  journal={Measurement Science and Technology},
  volume={13},
  number={8},
  pages={R73},
  year={2002},
  publisher={IOP Publishing}
}
@book{beck2012process,
  title={Process tomography: principles, techniques and applications},
  author={Beck, Maurice S and others},
  year={2012},
  publisher={Butterworth-Heinemann}
}
@article{puttmer2006new,
  title={New applications for ultrasonic sensors in process industries},
  author={P{\"u}ttmer, Alf},
  journal={Ultrasonics},
  volume={44},
  pages={e1379--e1383},
  year={2006},
  publisher={Elsevier}
}
@article{hajji2016understanding,
  title={Understanding the performance of low power Raspberry Pi Cloud for big data},
  author={Hajji, Wajdi and Tso, Fung Po},
  journal={Electronics},
  volume={5},
  number={2},
  pages={29},
  year={2016},
  publisher={Multidisciplinary Digital Publishing Institute}
}
@article{lazarin2015robotic,
  title={A robotic-agent platform for embedding software agents using raspberry pi and arduino boards},
  author={Lazarin, Nilson Mori and Pantoja, Carlos Eduardo},
  journal={9th Software Agents, Environments and Applications School},
  year={2015}
}
@article{sobota2013raspberry,
  title={Raspberry Pi and Arduino boards in control education},
  author={Sobota, Jaroslav and Pi{\^S}l, Roman and Balda, Pavel and Schlegel, Milo{\^S}},
  journal={IFAC Proceedings Volumes},
  volume={46},
  number={17},
  pages={7--12},
  year={2013},
  publisher={Elsevier}
}

@article{maksimovic2014raspberry,
  title={Raspberry Pi as Internet of things hardware: performances and constraints},
  author={Maksimovi{\'c}, Mirjana and Vujovi{\'c}, Vladimir and Davidovi{\'c}, Nikola and Milo{\v{s}}evi{\'c}, Vladimir and Peri{\v{s}}i{\'c}, Branko},
  journal={design issues},
  volume={3},
  pages={8},
  year={2014}
}
@inproceedings{hwang2004development,
  title={Development of novel algorithm and real-time monitoring ambulatory system using Bluetooth module for fall detection in the elderly},
  author={Hwang, Jong-Young and Kang, JM and Jang, Yong Won and Kim, Hee-Chan},
  booktitle={Engineering in Medicine and Biology Society, 2004. IEMBS'04. 26th Annual International Conference of the IEEE},
  volume={1},
  pages={2204--2207},
  year={2004},
  organization={IEEE}
}
@inproceedings{mandula2015mobile,
  title={Mobile based home automation using Internet of Things (IoT)},
  author={Mandula, Kumar and Parupalli, Ramu and Murty, CH AS and Magesh, E and Lunagariya, Rutul},
  booktitle={Control, Instrumentation, Communication and Computational Technologies (ICCICCT), 2015 International Conference on},
  pages={340--343},
  year={2015},
  organization={IEEE}
}
@article{david2015design,
  title={Design of a home automation system using arduino},
  author={David, Nathan and Chima, Abafor and Ugochukwu, Aronu and Obinna, Edoga},
  journal={International Journal of Scientific \& Engineering Research},
  volume={6},
  number={6},
  pages={795--801},
  year={2015}
}
@inproceedings{hertzog2016arduino,
  title={Arduino—Enabling engineering students to obtain academic success in a design-based module},
  author={Hertzog, Pierre E and Swart, Arthur J},
  booktitle={Global Engineering Education Conference (EDUCON), 2016 IEEE},
  pages={66--73},
  year={2016},
  organization={IEEE}
}

@inproceedings{chen2009wireless,
  title={Wireless transmission design for health monitoring at neonatal intensive care units},
  author={Chen, Wei and Nguyen, Son Tung and Coops, Roland and Oetomo, Sidarto Bambang and Feijs, Loe},
  booktitle={Applied Sciences in Biomedical and Communication Technologies, 2009. ISABEL 2009. 2nd International Symposium on},
  pages={1--6},
  year={2009},
  organization={IEEE}
}
@article{,elshafee2012design
  title={Design and implementation of a WIFI based home automation system},
  author={ElShafee, Ahmed and Hamed, Karim Alaa},
  journal={World academy of science, engineering and technology},
  volume={68},
  pages={2177--2180},
  year={2012}
}
@article{naksimovic2014raspberry,
  title={Raspberry Pi as Internet of things hardware: performances and constraints},
  author={Maksimovi{\'c}, Mirjana and Vujovi{\'c}, Vladimir and Davidovi{\'c}, Nikola and Milo{\v{s}}evi{\'c}, Vladimir and Peri{\v{s}}i{\'c}, Branko},
  journal={design issues},
  volume={3},
  pages={8},
  year={2014}
}
@comment{jabref-meta: selector_publisher:}

@comment{jabref-meta: selector_author:}

@comment{jabref-meta: selector_journal:}

@comment{jabref-meta: selector_keywords:}

